% This file was created with Citavi 6.7.0.0

@misc{AndreasVeitMichaelWilberSergeBelongie.20161027,
 author = {{Andreas Veit, Michael Wilber, Serge Belongie}},
 year = {2016},
 title = {Residual Networks Behave Like Ensembles of Relatively Shallow Networks},
 url = {https://arxiv.org/abs/1605.06431},
 urldate = {2021-05-14}
}


@misc{AndrewGHoward.2017,
 author = {{Andrew G. Howard, Menglong Zhu, Bo Chen, Dmitry Kalenichenko, Weijun Wang, Tobias Weyand, Marco Andreetto, Hartwig Adam}},
 year = {2017},
 title = {MobileNets: Efficient Convolutional Neural Networks for Mobile Vision Applications},
 url = {https://arxiv.org/abs/1704.04861},
 urldate = {2021-05-13}
}


@misc{BarretZoph.2018,
 author = {{Barret Zoph, Vijay Vasudevan, Jonathon Shlens, Quoc V. Le}},
 year = {2017},
 title = {Learning Transferable Architectures for Scalable Image Recognition},
 url = {https://arxiv.org/abs/1707.07012},
 urldate = {2021-05-07}
}


@misc{ChenxiLiu.2018,
 author = {{Chenxi Liu, Barret Zoph, Maxim Neumann, Jonathon Shlens, Wei Hua, Li-Jia Li, Li Fei-Fei, Alan Yuille, Jonathan Huang, Kevin Murphy}},
 year = {2018},
 title = {Progressive Neural Architecture Search},
 url = {https://arxiv.org/abs/1712.00559},
 urldate = {2021-05-13}
}


@misc{ChristianSzegedy.2014,
 author = {{Christian Szegedy, Wei Liu, Yangqing Jia, Pierre Sermanet, Scott Reed, Dragomir Anguelov, Dumitru Erhan, Vincent Vanhoucke, Andrew Rabinovich}},
 year = {2014},
 title = {Going deeper with convolutions},
 url = {https://arxiv.org/abs/1409.4842},
 urldate = {2021-05-01}
}


@misc{ChristianSzegedy.2016,
 author = {{Christian Szegedy, Sergey Ioffe, Vincent Vanhoucke, Alex Alemi}},
 year = {2016},
 title = {Inception-v4, Inception-ResNet and the Impact of Residual Connections on Learning},
 url = {https://arxiv.org/abs/1602.07261},
 urldate = {2021-05-13}
}


@misc{EstebanReal.2019,
 author = {{Esteban Real, Alok Aggarwal, Yanping Huang, Quoc V Le}},
 year = {2019},
 title = {Regularized Evolution for Image Classifier Architecture Search},
 url = {https://arxiv.org/abs/1802.01548},
 urldate = {2021-05-13}
}


@misc{FrancoisChollet.2017,
 author = {{Fran{\c{c}}ois Chollet}},
 year = {2017},
 title = {Xception: Deep Learning with Depthwise Separable Convolutions},
 url = {https://arxiv.org/abs/1610.02357},
 urldate = {2021-05-13}
}


@misc{GaoHuang.2016,
 author = {{Gao Huang, Zhuang Liu, Laurens van der Maaten, Kilian Q. Weinberger}},
 year = {2016},
 title = {Densely Connected Convolutional Networks},
 url = {https://arxiv.org/abs/1608.06993},
 urldate = {2021-05-04}
}


@misc{IlijaRadosavovic.2020,
 author = {{Ilija Radosavovic, Raj Prateek Kosaraju, Ross Girshick, Kaiming He, Piotr Doll{\'a}r}},
 year = {2020},
 title = {Designing Network Design Spaces},
 url = {https://arxiv.org/abs/2003.13678},
 urldate = {2021-05-07}
}


@misc{KaimingHe.2015,
 author = {{Kaiming He, Xiangyu Zhang, Shaoqing Ren, Jian Sun}},
 year = {2015},
 title = {Deep Residual Learning for Image Recognition},
 url = {https://arxiv.org/abs/1512.03385},
 urldate = {2021-05-02}
}


@misc{KarenSimonyan.2014,
 author = {{Karen Simonyan}, Andrew Zisserman},
 year = {2014},
 title = {Very Deep Convolutional Networks for Large-Scale Image Recognition},
 url = {https://arxiv.org/abs/1409.1556},
 urldate = {2021-05-01}
}


@misc{LeBarretZoph.2017,
 author = {{Le Barret Zoph}, Quoc V.},
 year = {2017},
 title = {Neural Architecture Search with Reinforcement Learning},
 url = {https://arxiv.org/abs/1611.01578},
 urldate = {2021-05-07}
}


@misc{LeMingxingTan.2019,
 author = {{Le Mingxing Tan}, Quoc V.},
 year = {2019},
 title = {EfficientNet: Rethinking Model Scaling for Convolutional Neural Networks},
 url = {https://arxiv.org/abs/1905.11946},
 urldate = {2021-05-07}
}


@misc{NingningMa.2018,
 author = {{Ningning Ma, Xiangyu Zhang, Hai-Tao Zheng, Jian Sun}},
 year = {2018},
 title = {ShuffleNet V2: Practical Guidelines for Efficient CNN Architecture Design},
 url = {https://arxiv.org/abs/1807.11164},
 urldate = {2021-05-13}
}


@misc{XiangyuZhang.2017,
 author = {{Xiangyu Zhang, Xinyu Zhou, Mengxiao Lin, Jian Sun}},
 year = {2017},
 title = {ShuffleNet: An Extremely Efficient Convolutional Neural Network for Mobile Devices},
 url = {https://arxiv.org/abs/1707.01083},
 urldate = {2021-05-13}
}


